@article{Levin2015Performance,
  title={Performance of Encounternet Tags: Field Tests of Miniaturized Proximity Loggers for Use on Small Birds},
  author={Levin, I. I. and Zonana, D. M. and Burt, J. M. and Safran, R. J.},
  journal={Plos One},
  volume={10},
  number={9},
  pages={e0137242},
  year={2015},
}

@inproceedings{luk1997two,
  title={Two new quorum based algorithms for distributed mutual exclusion},
  author={Luk, Wai-Shing and Wong, Tien-Tsin},
  booktitle={Distributed Computing Systems, 1997., Proceedings of the 17th International Conference on},
  organization={IEEE}
}